<?xml version="1.0" encoding="UTF-8" ?>
<record Numero="13993654" format="InterXMarc_Complet" type="Authority">
<leader>00590c1 au22000272  45  <Pos Code="0004">00590</Pos>
<Pos Code="05" Sens="notice modifiée">c</Pos>
<Pos Code="06" Sens="notice validée en catalogage courant">1</Pos>
<Pos Code="08" Sens="notice d&apos;autorité">a</Pos>
<Pos Code="09" Sens="titre uniforme musical (TUM)">u</Pos>
<Pos Code="10">2</Pos>
<Pos Code="11">2</Pos>
<Pos Code="1216">00027</Pos>
<Pos Code="17" Sens="autres cas">2</Pos>
<Pos Code="20">4</Pos>
<Pos Code="21">5</Pos>
</leader>
<controlfield tag="001">FRBNF139936541<Pos Code="0001">FR</Pos>
<Pos Code="0204">BNF</Pos>
<Pos Code="0512">13993654</Pos>
<Pos Code="13">1</Pos>
</controlfield>
<controlfield tag="008">960919960919yy    pf        1928      ....                   1   <Pos Code="0001">96</Pos>
<Pos Code="0203">09</Pos>
<Pos Code="0405">19</Pos>
<Pos Code="0607">96</Pos>
<Pos Code="0809">09</Pos>
<Pos Code="1011">19</Pos>
<Pos Code="1213" Sens="ne s&apos;applique pas">yy</Pos>
<Pos Code="1820">pf </Pos>
<Pos Code="2831">1928</Pos>
<Pos Code="3841">....</Pos>
<Pos Code="61" Sens="La vedette peut être liée à une notice bibliographique sauf pour l&apos;accès matière RAMEAU">1</Pos>
</controlfield>
<datafield tag="048" ind1=" " ind2=" ">
	<subfield code="a">oa01<Pos Code="0001" Sens="orchestre - orchestre symphonique XIXe-XXe s.">oa</Pos>
<Pos Code="02">0</Pos>
<Pos Code="03">1</Pos>
</subfield>
</datafield>
<datafield tag="100" ind1=" " ind2=" ">
	<subfield code="3">13899526</subfield>
	<subfield code="w"> 0  b     </subfield>
	<subfield code="a">Schoenberg</subfield>
	<subfield code="m">Arnold</subfield>
	<subfield code="d">1874-1951</subfield>
</datafield>
<datafield tag="144" ind1="1" ind2=" ">
	<subfield code="w">....b.....</subfield>
	<subfield code="a">Orchestrations</subfield>
	<subfield code="g">Bach, Johann Sebastian</subfield>
	<subfield code="c">Präludium und Fuge BWV 552</subfield>
	<subfield code="t">Mi bémol majeur</subfield>
</datafield>
<datafield tag="444" ind1="1" ind2=" ">
	<subfield code="w">....b.....</subfield>
	<subfield code="a">Präludium und Fuge BWV 552</subfield>
	<subfield code="g">Bach, Johann Sebastian</subfield>
	<subfield code="b">Orchestre</subfield>
	<subfield code="t">Mi bémol majeur</subfield>
</datafield>
<datafield tag="444" ind1="1" ind2=" ">
	<subfield code="w">....b.....</subfield>
	<subfield code="a">Transcriptions</subfield>
	<subfield code="g">Bach, Johann Sebastian</subfield>
	<subfield code="c">Präludium und Fuge BWV 552</subfield>
	<subfield code="b">Orchestre</subfield>
	<subfield code="t">Mi bémol majeur</subfield>
</datafield>
<datafield tag="600" ind1=" " ind2=" ">
	<subfield code="a">Date de composition : 1928</subfield>
</datafield>
<datafield tag="600" ind1=" " ind2=" ">
	<subfield code="a">Éd. : 1929</subfield>
</datafield>
<datafield tag="610" ind1=" " ind2=" ">
	<subfield code="a">Grove 6</subfield>
</datafield>
<datafield tag="917" ind1=" " ind2=" ">
	<subfield code="o">OPC</subfield>
	<subfield code="a">101283720</subfield>
</datafield>
<Alter Ori="13899526">
<datafield tag="400" ind1=" " ind2=" ">
	<subfield code="w">    b     </subfield>
	<subfield code="a">Schönberg</subfield>
	<subfield code="m">Arnold</subfield>
	<subfield code="d">1874-1951</subfield>
</datafield>
</Alter>
<Attr Nom="IDPerenne">ark:/12148/cb139936549</Attr>
<Attr Nom="NumSource">OPC 101283720</Attr>
<Attr Nom="Source" Sens="BnF catalogue général (depuis 1999)">A</Attr>
<Attr Nom="NumAutoriteLiee">13899526</Attr>
<Attr Nom="DateCreation">19/09/ 1996</Attr>
<Attr Nom="ResponsableCreation">MIGV2</Attr>
<Attr Nom="StructCreation">1</Attr>
<Attr Nom="DateDerniereValidation">08/11/ 2010</Attr>
<Attr Nom="ResponsableDerniereValidation">MIGV4</Attr>
<Attr Nom="StructPremiereValidation">1</Attr>
<Attr Nom="DatePremiereValidation">19/09/ 1996</Attr>
<Attr Nom="ResponsablePremiereValidation">MIGV2</Attr>
<Attr Nom="StructDerniereValidation">1</Attr>
</record>
